@book{stinson2005cryptography,
  title={Cryptography: Theory and Practice, Third Edition},
  author={Stinson, D.R.},
  isbn={9781584885085},
  lccn={2006272493},
  series={Discrete Mathematics and Its Applications},
  url={https://books.google.si/books?id=uhl\_kYfpgo4C},
  year={2005},
  publisher={Taylor \& Francis}
}

@inproceedings{jaber2013use,
  title={Use of cryptography in cloud computing},
  author={Jaber, Aws Naser and Zolkipli, Mohamad Fadli Bin},
  booktitle={Control System, Computing and Engineering (ICCSCE), 2013 IEEE International Conference on},
  pages={179--184},
  year={2013},
  organization={IEEE}
}
